#-----------------------------CLEAN-----------------------------
@article{hogbom1974aperture,
	title={Aperture synthesis with a non-regular distribution of interferometer baselines},
	author={H{\"o}gbom, JA},
	journal={Astronomy and Astrophysics Supplement Series},
	volume={15},
	pages={417},
	year={1974}
}

@article{schwab1984relaxing,
	title={Relaxing the isoplanatism assumption in self-calibration; applications to low-frequency radio interferometry},
	author={Schwab, FR},
	journal={The Astronomical Journal},
	volume={89},
	pages={1076--1081},
	year={1984}
}

@article{rich2008multi,
	title={Multi-scale CLEAN: A comparison of its performance against classical CLEAN on galaxies using THINGS},
	author={Rich, JW and De Blok, WJG and Cornwell, TJ and Brinks, Elias and Walter, Fabian and Bagetakos, Ioannis and Kennicutt Jr, RC},
	journal={The Astronomical Journal},
	volume={136},
	number={6},
	pages={2897},
	year={2008},
	publisher={IOP Publishing}
}

@article{rau2011multi,
	title={A multi-scale multi-frequency deconvolution algorithm for synthesis imaging in radio interferometry},
	author={Rau, Urvashi and Cornwell, Tim J},
	journal={Astronomy \& Astrophysics},
	volume={532},
	pages={A71},
	year={2011},
	publisher={EDP Sciences}
}

#-----------------------------Compressed Sensing-----------------------------

@article{candes2006robust,
	title={Robust uncertainty principles: Exact signal reconstruction from highly incomplete frequency information},
	author={Cand{\`e}s, Emmanuel J and Romberg, Justin and Tao, Terence},
	journal={IEEE Transactions on information theory},
	volume={52},
	number={2},
	pages={489--509},
	year={2006},
	publisher={IEEE}
}

@article{donoho2006compressed,
  title={Compressed sensing},
  author={Donoho, David L},
  journal={IEEE Transactions on information theory},
  volume={52},
  number={4},
  pages={1289--1306},
  year={2006},
  publisher={IEEE}
}